@reference{nuxt,
    author = "Nuxt",
    title = "Nuxt: The Intuitive Web Framework",
    url = "https://nuxt.com/",
    keywords = "nuxt,seo,vite,vue,js,framework,web"
}

@reference{vue,
    author = "Evan You",
    title = "Vue.js - The Progressive JavaScript Framework",
    url = "https://vuejs.org/",
    keywords = "vue,vite,js,framework,web"
}

@reference{go,
    author = "Google",
    title = "The Go Programming Language",
    url = "https://go.dev/",
    keywords = "go,golang,api,back-end"
}

@article{meta,
    author = "Codemotion",
    title = "Here to Stay: All About Meta-Frameworks",
    url = "https://www.codemotion.com/magazine/languages/here-to-stay-all-about-meta-frameworks/",
    year = 2023
}

@article{universal,
    author = "Michale Thiessen",
    title = "What is Universal Rendering?",
    url = "https://masteringnuxt.com/blog/what-is-universal-rendering"
}

@article{spa,
    author = "Individual mozilla.org contributors",
    title = "SPA (Single-page application)",
    url = "https://developer.mozilla.org/en-US/docs/Glossary/SPA"
}

@article{api,
    author = "IBM",
    title = "What is an Application Programming Interface (API)?",
    url = "https://www.ibm.com/topics/api"
}
